<?xml version="1.0" encoding="UTF-8" ?><marc:collection xmlns:marc="http://www.loc.gov/MARC21/slim" xmlns:xsi="http://www.w3.org/2001/XMLSchema-instance" xsi:schemaLocation="http://www.loc.gov/MARC21/slim http://www.loc.gov/standards/marcxml/schema/MARC21slim.xsd">
<marc:record><marc:leader>02449cam a2200421Ia 4500</marc:leader>
<marc:controlfield tag="001">b13144509</marc:controlfield>
<marc:controlfield tag="003">UaCaAUL</marc:controlfield><marc:controlfield tag="005">20161102033757.0</marc:controlfield><marc:controlfield tag="008">910425m19559999ua a     b    000 0 arard</marc:controlfield><marc:datafield tag="035" ind1=" " ind2=" "><marc:subfield code="a">(OCoLC)23605608</marc:subfield></marc:datafield><marc:datafield tag="040" ind1=" " ind2=" "><marc:subfield code="a">GZM</marc:subfield><marc:subfield code="b">eng</marc:subfield><marc:subfield code="c">GZM</marc:subfield><marc:subfield code="d">OCL</marc:subfield><marc:subfield code="d">OCLCQ</marc:subfield><marc:subfield code="d">OCLCF</marc:subfield><marc:subfield code="d">OCLCO</marc:subfield><marc:subfield code="d">MEAUC</marc:subfield></marc:datafield><marc:datafield tag="041" ind1="1" ind2=" "><marc:subfield code="a">ara</marc:subfield><marc:subfield code="h">eng</marc:subfield></marc:datafield><marc:datafield tag="049" ind1=" " ind2=" "><marc:subfield code="a">MAIN</marc:subfield></marc:datafield><marc:datafield tag="066" ind1=" " ind2=" "><marc:subfield code="c">(3</marc:subfield></marc:datafield><marc:datafield tag="090" ind1=" " ind2=" "><marc:subfield code="a">BF131</marc:subfield><marc:subfield code="b">.G78 1955</marc:subfield></marc:datafield><marc:datafield tag="130" ind1="0" ind2=" "><marc:subfield code="a">Fields of psychology, basic and applied.</marc:subfield></marc:datafield><marc:datafield tag="245" ind1="1" ind2="0"><marc:subfield code="6">880-01</marc:subfield><marc:subfield code="a">Mayādīn ʻilm al-nafs :</marc:subfield><marc:subfield code="b">al-naẓarīyah wa-al-taṭbīqīyah /</marc:subfield><marc:subfield code="c">ishtarak fī taʼlīfahu Anstāzī ... [wa-Ākharūn] ; bi-ishrāf J.B. Jīlfūrd ; ishtarak fī al-tarjamah Aḥmad Zakī Ṣāliḥ ... [wa-Ākharūn] ; bi-ishrāfa Yūsuf Murād.</marc:subfield></marc:datafield><marc:datafield tag="260" ind1=" " ind2=" "><marc:subfield code="6">880-02</marc:subfield><marc:subfield code="a">al-Qāhirah :</marc:subfield><marc:subfield code="b">Dār al-Maʻārif,</marc:subfield><marc:subfield code="c">1955-1956.</marc:subfield></marc:datafield><marc:datafield tag="300" ind1=" " ind2=" "><marc:subfield code="a">2 v. :</marc:subfield><marc:subfield code="b">ill. ;</marc:subfield><marc:subfield code="c">25 cm.</marc:subfield></marc:datafield><marc:datafield tag="490" ind1="1" ind2=" "><marc:subfield code="6">880-03</marc:subfield><marc:subfield code="a">Manshūrāt Jamāʻat ʻIlm al-Nafs al-Takāmulī.</marc:subfield></marc:datafield><marc:datafield tag="504" ind1=" " ind2=" "><marc:subfield code="a">Includes bibliographical references.</marc:subfield></marc:datafield><marc:datafield tag="500" ind1=" " ind2=" "><marc:subfield code="a">This is a translation of part I and part II of the second edition of &quot;Fields of Psychology : Basic and Applied.&quot;</marc:subfield></marc:datafield><marc:datafield tag="505" ind1="0" ind2="0"><marc:subfield code="6">880-04</marc:subfield><marc:subfield code="g">al-mujallad al-awwal .</marc:subfield><marc:subfield code="t">al-Mayādīn al-naẓarīyah --</marc:subfield><marc:subfield code="g">al-mujallad al-thānī .</marc:subfield><marc:subfield code="t">al-Mayādīn al-taṭbīqīyah.</marc:subfield></marc:datafield><marc:datafield tag="650" ind1=" " ind2="0"><marc:subfield code="a">Psychology.</marc:subfield></marc:datafield><marc:datafield tag="700" ind1="1" ind2=" "><marc:subfield code="6">880-05</marc:subfield><marc:subfield code="a">Guilford, J. P.</marc:subfield><marc:subfield code="q">(Joy Paul),</marc:subfield><marc:subfield code="d">1897-1987.</marc:subfield></marc:datafield><marc:datafield tag="700" ind1="1" ind2=" "><marc:subfield code="6">880-06</marc:subfield><marc:subfield code="a">Murād, Yūsuf.</marc:subfield></marc:datafield><marc:datafield tag="830" ind1=" " ind2="0"><marc:subfield code="6">880-07</marc:subfield><marc:subfield code="a">Manshūrāt Jamāʻat ʻIlm al-Nafs al-Takāmulī.</marc:subfield></marc:datafield><marc:datafield tag="880" ind1="1" ind2=" "><marc:subfield code="6">490-03/(3/r</marc:subfield><marc:subfield code="a">منشورات جماعة عالم النفس التكاملي.</marc:subfield></marc:datafield><marc:datafield tag="880" ind1="1" ind2="0"><marc:subfield code="6">245-01/(3/r</marc:subfield><marc:subfield code="a">ميادين علم النفس :‪</marc:subfield><marc:subfield code="b">النظرية والتطبيقية /‪</marc:subfield><marc:subfield code="c">اشترك في تأليفه أنستازي ... [وآخرون]؛ بإشراف ج.ب. جيلفورد ؛ اشترك في الترجمة أحمد زكي صالح ... [وآخرون] ؛ بإشراف يوسف مراد..</marc:subfield></marc:datafield><marc:datafield tag="880" ind1=" " ind2=" "><marc:subfield code="6">260-02/(3/r</marc:subfield><marc:subfield code="a">القاهرة :‪</marc:subfield><marc:subfield code="b">دار المعارف،‪</marc:subfield><marc:subfield code="c">1955-6.</marc:subfield></marc:datafield><marc:datafield tag="880" ind1="1" ind2=" "><marc:subfield code="6">700-05/(3/r</marc:subfield><marc:subfield code="a">جيلفورد، ج. ب..</marc:subfield></marc:datafield><marc:datafield tag="880" ind1="0" ind2="0"><marc:subfield code="6">505-04/(3/r</marc:subfield><marc:subfield code="g">المجلد الأول .‪</marc:subfield><marc:subfield code="t">الميادين النظرية -- ‪</marc:subfield><marc:subfield code="g">المجلد الثاني .‪</marc:subfield><marc:subfield code="t">الميادين التطبيقية..</marc:subfield></marc:datafield><marc:datafield tag="880" ind1="1" ind2=" "><marc:subfield code="6">700-06/(3/r</marc:subfield><marc:subfield code="a">مراد، يوسف..</marc:subfield></marc:datafield><marc:datafield tag="880" ind1=" " ind2="0"><marc:subfield code="6">830-07/(3/r</marc:subfield><marc:subfield code="a">منشورات جماعة عالم النفس التكاملي..</marc:subfield></marc:datafield><marc:datafield tag="907" ind1=" " ind2=" "><marc:subfield code="a">.b13144509</marc:subfield><marc:subfield code="b">main </marc:subfield></marc:datafield><marc:datafield tag="902" ind1=" " ind2=" "><marc:subfield code="a">170923</marc:subfield></marc:datafield><marc:datafield tag="998" ind1=" " ind2=" "><marc:subfield code="b">2</marc:subfield><marc:subfield code="c">040912</marc:subfield><marc:subfield code="d">m</marc:subfield><marc:subfield code="e">a</marc:subfield><marc:subfield code="f">-</marc:subfield><marc:subfield code="g">0</marc:subfield><marc:subfield code="k">USA</marc:subfield></marc:datafield><marc:datafield tag="945" ind1=" " ind2=" "><marc:subfield code="l">main </marc:subfield><marc:subfield code="u">v.v.1</marc:subfield></marc:datafield></marc:record>
</marc:collection>
